@book{adams_1994,
  title={Knot Book},
  publisher={W.H. Freeman},
  author={Adams, Colin},
  year={1994}
  }
  
@book{lickorish_1997,
  author ={Lickorish, W.B. Raymond},
  title ={An Introduction to Knot Theory},
  series ={Graduate Texts in Mathematics},
  volume ={175},
  publisher ={Springer Verlag},
  address ={New York NY},
  year ={1997}
  } 
  
@book{armstrong_1983,
  author ={Armstrong, M. A.},
  title ={Basic Topology},
  series ={Undergraduate Texts in Mathematics},
  publisher ={Springer Verlag},
  address ={New York NY},
  year ={1983}
  } 
  
@misc{barnatan2020tangles,
    title={Over then Under Tangles},
    author={Dror Bar-Natan and Zsuzsanna Dancso and Roland van der Veen},
    year={2020},
    eprint={2007.09828},
    archivePrefix={arXiv},
    primaryClass={math.GT}
}

@misc{rolfsen,
	title={{The Rolfsen Knot Table}},
	url={http://katlas.math.toronto.edu/wiki/The_Rolfsen_Knot_Table},
	journal={{The Rolfsen Knot Table - Knot Atlas}}
}

@misc{observations,
	title={{Observations on Almost OU Tangles (Repository)}},
	url={https://github.com/albbalbbbalb/Observations-on-Almost-OU-tangles/upload/master},
}
 

